% bibliography/references.bib

@article{owid-palm-oil,
    author = {Hannah Ritchie},
    title = {Palm Oil},
    journal = {Our World in Data},
    year = {2021},
    note = {https://ourworldindata.org/palm-oil}
}

@article{Hai2002ThePan,
    title = {{The palm oil industry in Malaysia: From seed to frying pan}},
    year = {2002},
    journal = {WWF Switzerland},
    author = {Hai, Teoh Cheng}
}